<?xml version="1.0" encoding="UTF-8"?><record xmlns="http://www.loc.gov/MARC21/slim" xmlns:cinclude="http://apache.org/cocoon/include/1.0" xmlns:zs="http://www.loc.gov/zing/srw/">
  <leader>00879nz  a2200217n  4500</leader>
  <controlfield tag="001">n 2014047814</controlfield>
  <controlfield tag="003">DLC</controlfield>
  <controlfield tag="005">20140807184932.0</controlfield>
  <controlfield tag="008">140807n| azannaabn          |b aaa      </controlfield>
  <datafield tag="010" ind1=" " ind2=" ">
    <subfield code="a">n 2014047814</subfield>
  </datafield>
  <datafield tag="040" ind1=" " ind2=" ">
    <subfield code="a">DLC</subfield>
    <subfield code="b">eng</subfield>
    <subfield code="c">DLC</subfield>
    <subfield code="e">rda</subfield>
  </datafield>
  <datafield tag="100" ind1="1" ind2=" ">
    <subfield code="a">Ėrgeshov, A. K.</subfield>
    <subfield code="q">(Akylbek Kaldarovich)</subfield>
  </datafield>
  <datafield tag="372" ind1=" " ind2=" ">
    <subfield code="a">Political science</subfield>
  </datafield>
  <datafield tag="375" ind1=" " ind2=" ">
    <subfield code="a">male</subfield>
  </datafield>
  <datafield tag="377" ind1=" " ind2=" ">
    <subfield code="a">rus</subfield>
  </datafield>
  <datafield tag="378" ind1=" " ind2=" ">
    <subfield code="q">Akylbek Kaldarovich</subfield>
  </datafield>
  <datafield tag="400" ind1="1" ind2=" ">
    <subfield code="a">Ėrgeshov, Akylbek Kaldarovich</subfield>
  </datafield>
  <datafield tag="400" ind1="1" ind2=" ">
    <subfield code="a">Эргешов, А. К.</subfield>
    <subfield code="q">(Акылбек Калдарович)</subfield>
  </datafield>
  <datafield tag="400" ind1="1" ind2=" ">
    <subfield code="a">Эргешов, Акылбек Калдарович</subfield>
  </datafield>
  <datafield tag="667" ind1=" " ind2=" ">
    <subfield code="a">Non-Latin script reference not evaluated</subfield>
  </datafield>
  <datafield tag="670" ind1=" " ind2=" ">
    <subfield code="a">Gosudarstvennai︠a︡ politika v izmeni︠a︡i︠u︡shchemsi︠a︡ mire, 2012:</subfield>
    <subfield code="b">t.p. (Эргешов, А. К. = A.K. Ėrgeshov) colophon (Эргешов, Акылбек Калдарович = Ėrgeshov, Akylbek Kaldarovich)</subfield>
  </datafield>
</record>